<?xml version="1.0" encoding="UTF-8"?><collection xmlns="http://www.loc.gov/MARC21/slim"><record><leader>00372nam--2200121-i-4500</leader><controlfield tag="001">000029411</controlfield><controlfield tag="002">20161230</controlfield><controlfield tag="005">20161230201037</controlfield><controlfield tag="008">060222s1000------------r-----000-0-eng-d</controlfield><datafield ind1=" " ind2=" " tag="100"><subfield code="a">Leclercq, Rene</subfield></datafield><datafield ind1=" " ind2=" " tag="245"><subfield code="a">La cretion scientifique. complement au guide theorique et pratique de la recherche experimentale</subfield></datafield><datafield ind1=" " ind2=" " tag="260"><subfield code="a">Paris, Gauthier-villars, 1959. Vii + 86p</subfield></datafield><datafield ind1=" " ind2=" " tag="852"><subfield code="a">16522</subfield></datafield></record></collection>